@article{Karloff.2010,
	title={A Model of Computation for MapReduce},
	author={Karloff, Howard and Suri, Siddharth and Vassilvitskii, Sergei},
	journal={SODA '10 Proceedings of the twenty-first annual ACM-SIAM symposium on Discrete Algorithms},
	year={2010},
	pages={938 - 948},
	isbn={9780898716986}
}

@article{Buchholz.1953,
	title={The System Design of the IBM Type 701 Computer},
	author={Buchholz, Werner},
	journal={Proceedings of the I.R.E., Vol. 41", no. 10 Special Computer Issue},
	year={1953},
	pages={1262 - 1275},
	issn={0096-8390}
}

@book{Wartala.2012,
	title={Hadoop: Zuverl{\"a}ssige, verteilte und skalierbare Big-Data-Anwendungen},
	author={Wartala, Ramon},
	isbn={9783941841611},
	series={Professional reference},
	year={2012},
	publisher={Open Source Press}
}

@book{Freiknecht.2014,
	title={Big Data in der Praxis: Beispiell{\"o}sungen mit Hadoop und NoSQL. Daten speichern, aufbereiten, visualisieren},
	author={Freiknecht, Jonas},
	isbn={9783446441774},
	year={2014},
	publisher={Carl Hanser Verlag GmbH \& Company KG}
}

@book{Dean.2004,
	title={MapReduce: Simplified Data Processing on Large Clusters},
	author={Dean, Jeffrey and Ghemawat, Sanjay},
	year={2004},
	url={http://research.google.com/archive/mapreduce.html},
	publisher={Sixth Symposium on Operating System Design and Implementation}
}

@book{Fey.2008,
	title={Grid-Computing: Eine Basistechnologie F{\"u}r Computational Science},
	author={Fey, Dietmar},
	isbn={9783540797470},
	year={2008},
	publisher={Springer}
}

@book{Salm.2007,
	title={IT-Systemmanagement: Infrastruktur-Management},
	author={Salm, Erwin},
	isbn={9783836652537},
	year={2007},
	publisher={Diplomica-Verlag}
}

@book{Jansen.2008,
  title={Handbook of Research on Web Log Analysis},
  author={Jansen, Bernard J.},
  isbn={9781599049755},
  lccn={2008016296},
  year={2008},
  publisher={IGI Global}
}

@book{Baur.2014,
	title={Handbuch Methoden der empirischen Sozialforschung},
	author={Baur, Nina and Blasius, J{\"o}rg},
	isbn={9783531189390},
	year={2014},
	publisher={Springer Fachmedien Wiesbaden}
}

@book{Hassler.2015,
	title={Web Analytics: Metriken auswerten, Besucherverhalten verstehen, Website optimieren},
	author={Hassler, Marco},
	isbn={9783826683435},
	series={mitp Professional},
	year={2015},
	publisher={mitp/bhv}
}

@book{Bauer.2014,
	author = {Tiemeyer, Ernst and Bauer, Nikolai and Beims, Martin and Bergmann, Robert and Ebert, Christof and Eckardt, Carsten and Eckkrammer, Florian and Eckkrammer, Tobias and Gollner, Helmut and Hauptmann, Jens and Hruschka, Peter and Klotz, Michael and Litke, Hans-Dieter and Melbinger, Wilhelm and Nehfort, Andreas and Sneed, Harry M. and Zsifkovits, Helmut E.},
	year = {2014},
	title = {Handbuch IT-Projektmanagement: Vorgehensmodelle, Managementinstrumente, Good Practices ; [mit kostenlosem E-Book]},
	address = {M{\"u}nchen},
	edition = {2., {\"u}berarb. u. erw. Aufl},
	publisher = {Hanser, Carl},
	isbn = {9783446440746}
}

@book{Teschl.2014,
  title={Mathematik f{\"u}r Informatiker: Band 2: Analysis und Statistik},
  author={Teschl, Gerald and Teschl, Susanne},
  isbn={9783642542749},
  series={eXamen.press},
  year={2014},
  publisher={Springer Berlin Heidelberg}
}

@book{Naftalin.2006,
	title={Java Generics and Collections},
	author={Naftalin, Maurice and Wadler, Philip},
	isbn={9780596551506},
	year={2006},
	publisher={O'Reilly Media}
}

@book{Hedtstueck.2012,
	title={Einf{\"u}hrung in die Theoretische Informatik. Formale Sprachen und Automatentheorie. 5. Auflage},
	author={Hedtst{\"u}ck, Ulrich},
	isbn={9783486714043},
	year={2012},
	publisher={Oldenbourg Verlag}
}

@book{Goyvaerts.2010,
	title={Regul{\"a}re Ausdr{\"u}cke Kochbuch},
	author={Goyvaerts, Jan and Levithan, Steven},
	isbn={9783897219571},
	year={2010},
	publisher={O'Reilly}
}
@book{Lakhe.2014,
	title={Practical Hadoop Security},
	author={Lakhe, Bhushan},
	isbn={9781430265450},
	series={Expert's voice in security},
	year={2014},
	publisher={Apress}
}


@Online{Beal.2015,
	title={Commodity Hardware},
	author={Beal, Vangie},
	year={2015},
	url={http://www.webopedia.com/TERM/C/commodity_hardware.html},
	urldate={2015-06-30}
}

@Online{ApacheErrorLog.2015,
	title={Log Files - Error Log},
	author={{The Apache Software Foundation}},
	year={2015},
	url={http://httpd.apache.org/docs/2.4/logs.html#errorlog},
	urldate={2015-07-07}
}

@Online{ApacheAccessLog.2015,
	title={Log Files - Access Log},
	author={{The Apache Software Foundation}},
	year={2015},
	url={http://httpd.apache.org/docs/2.4/logs.html#accesslog},
	urldate={2015-07-07}
}

@Online{ApacheHadoopDoku.2015,
	title={Apache Hadoop 2.7.1 - Hadoop: Setting up a Single Node Cluster.},
	author={{The Apache Software Foundation}},
	year={2015},
	url={http://hadoop.apache.org/docs/current/hadoop-project-dist/hadoop-common/SingleCluster.html},
	urldate={2015-07-13}
}

@Online{ApacheHadoopApiDokuMapper.2015,
	title={Mapper (Apache Hadoop Main 2.7.1 API)},
	author={{The Apache Software Foundation}},
	year={2015},
	url={http://hadoop.apache.org/docs/r2.7.1/api/org/apache/hadoop/mapreduce/Mapper.html},
	urldate={2015-08-02}
}

@Online{ApacheHadoopApiDokuReducer.2015,
	title={Reducer (Apache Hadoop Main 2.7.1 API)},
	author={{The Apache Software Foundation}},
	year={2015},
	url={http://hadoop.apache.org/docs/r2.7.1/api/org/apache/hadoop/mapreduce/Reducer.html},
	urldate={2015-08-02}
}

@Online{Lackes.2015,
	title={Springer Gabler Verlag (Herausgeber), Gabler Wirtschaftslexikon, Stichwort: Plug-in, online im Internet},
	author={Prof. Dr. Lackes, Richard and Dr. Siepermann, Markus and Prof. Dr. Kollmann, Tobias},
	year={2015},
	url={http://wirtschaftslexikon.gabler.de/Archiv/76201/plug-in-v8.html},
	urldate={2015-08-04}
}

@Online{Bitkom.2014,
	title={Potenziale und Einsatz von Big Data. Ergebnisse einer repra{\"a}sentativen Befragung von Unternehmen in Deutschland},
	author={Weber, Mathias and Shahd, Maurice and Hampe, Katja},
	year={2014},
	url={https://www.bitkom.org/Publikationen/2014/Studien/Studie-Big-Data-in-deutschen-Unternehmen/Studienbericht_Big_Data_in_deutschen_Unternehmen.pdf},
	urldate={2015-08-17},
	publisher={Bitkom e.V.}
}

@Online{TMG15.2007,
	title={Telemediengesetz (TMG) ยง 15 Nutzungsdaten},
	author={{Bundesministerium der Justiz und f{\"u}r Verbraucherschutz}},
	year={2007},
	url={http://www.gesetze-im-internet.de/tmg/__15.html},
	urldate={2015-07-07},
	keywords={Gesetz}
}

@Online{BDSG3.1990,
	title={Bundesdatenschutzgesetz (BDSG) ยง 3 Weitere Begriffsbestimmungen},
	author={{Bundesministerium der Justiz und f{\"u}r Verbraucherschutz}},
	year={1990},
	url={http://www.gesetze-im-internet.de/bdsg_1990/__3.html},
	urldate={2015-07-07},
	keywords={Gesetz}
}

@Online{RFC5424.2009,
	title={RFC 5424, The Syslog Protocol},
	author={{Gerhards, R. Adiscon GmbH}},
	year={2009},
	url={https://tools.ietf.org/html/rfc5424},
	urldate={2015-07-07},
	keywords={Standard}
}